@article{bengio13,
  author    = {Yoshua Bengio},
  title     = {Deep Learning of Representations: Looking Forward},
  journal   = {CoRR},
  volume    = {abs/1305.0445},
  year      = {2013},
  ee        = {http://arxiv.org/abs/1305.0445},
  bibsource = {DBLP, http://dblp.uni-trier.de}
}

@article{bengio12,
  author    = {Yoshua Bengio and
               Aaron C. Courville and
               Pascal Vincent},
  title     = {Unsupervised Feature Learning and Deep Learning: A Review
               and New Perspectives},
  journal   = {CoRR},
  volume    = {abs/1206.5538},
  year      = {2012},
  ee        = {http://arxiv.org/abs/1206.5538},
  bibsource = {DBLP, http://dblp.uni-trier.de}
}

@techreport{bach05,
  author    = {Francis R. Bach and Michael I. Jordan},
  title     = {A Probabilistic Interpretation of Canonical Correlation Analysis},
  number = {688},
  institution = {University of California, Berkeley},
  month = {April},
  day = {21},
  year      = {2005},
  file        = {http://www.stat.berkeley.edu/~jordan/688.pdf}
}

@article{bengio13a,
  author    = {Yoshua Bengio and
               Li Yao and
               Guillaume Alain and
               Pascal Vincent},
  title     = {Generalized Denoising Auto-Encoders as Generative Models},
  journal   = {CoRR},
  volume    = {abs/1305.6663},
  year      = {2013},
  ee        = {http://arxiv.org/abs/1305.6663},
  bibsource = {DBLP, http://dblp.uni-trier.de}
}

@inproceedings{vincent08,
  author    = {Pascal Vincent and
                Hugo Larochelle and
                Yoshua Bengio and
                Pierre-Antoine Manzagol},
  title     = {Extracting and Composing Robust Features with Denoising Autoencoders},
  booktitle = {Proceedings of the 25th International Conference on Machine Learning},
  year      = {2008},
}

@article{bengio09,
 author = {Yoshua Bengio},
 title = {Learning Deep Architectures for AI},
 journal = {Found. Trends Mach. Learn.},
 issue_date = {January 2009},
 volume = {2},
 number = {1},
 month = {jan},
 year = {2009},
 issn = {1935-8237},
 pages = {1--127},
 numpages = {127},
 url = {http://dx.doi.org/10.1561/2200000006},
 doi = {10.1561/2200000006},
 acmid = {1658424},
 publisher = {Now Publishers Inc.},
 address = {Hanover, MA, USA},
} 

@article{alain12,
  author    = {Guillaume Alain and
               Yoshua Bengio and
               Salah Rifai},
  title     = {Regularized Auto-Encoders Estimate Local Statistics},
  journal   = {CoRR},
  volume    = {abs/1211.4246},
  year      = {2012},
  ee        = {http://arxiv.org/abs/1211.4246},
  bibsource = {DBLP, http://dblp.uni-trier.de}
}

@article{gsn,
  author    = {Yoshua Bengio and
               Eric Thibodeau-Laufer and
               Jason Yosinski},
  title     = {Deep Generative Stochastic Networks Trainable by Backprop},
  journal   = {CoRR},
  volume    = {abs/1306.1091},
  year      = {2013},
  ee        = {http://arxiv.org/abs/1306.1091},
  bibsource = {DBLP, http://dblp.uni-trier.de}
}

@inproceedings {lenet5,
original =      {orig/lecun-01a.ps.gz},
author =  {Yann LeCun and
          Leon Bottou and
          Yoshua Bengio and
          Patrick Haffner},
title =   {Gradient-Based Learning Applied to Document Recognition},
booktitle =     {Intelligent Signal Processing},
editors =       {Haykin, S. and Kosko, B.},
pages =         {306-351},
publisher =     {IEEE Press},
year =    {2001}
}